%%%%%%%%%%%%%%%%%% ESTADO GERAL DE OCR %%%%%%%%%%%%%%%%%%

@inbook{10.5555/1074100.1074664,
author = {Srihari, Sargur N. and Shekhawat, Ajay and Lam, Stephen W.},
title = {Optical Character Recognition (OCR)},
year = {2003},
isbn = {0470864125},
publisher = {John Wiley and Sons Ltd.},
address = {GBR},
booktitle = {Encyclopedia of Computer Science},
pages = {1326–1333},
numpages = {8}
}


@INPROCEEDINGS{6993174,
  author={Berchmans, Deepa and Kumar, S S},
  booktitle={2014 International Conference on Control, Instrumentation, Communication and Computational Technologies (ICCICCT)}, 
  title={Optical character recognition: An overview and an insight}, 
  year={2014},
  volume={},
  number={},
  pages={1361-1365},
  doi={10.1109/ICCICCT.2014.6993174}}


@INPROCEEDINGS{9183326,
  author={Mittal, Rishabh and Garg, Anchal},
  booktitle={2020 Second International Conference on Inventive Research in Computing Applications (ICIRCA)}, 
  title={Text extraction using OCR: A Systematic Review}, 
  year={2020},
  volume={},
  number={},
  pages={357-362},
  doi={10.1109/ICIRCA48905.2020.9183326}}


@INPROCEEDINGS{7367194,
  author={Darwiche, Mostafa and Pham, The-Anh and Delalandre, Mathieu},
  booktitle={2015 International Conference on Image Processing Theory, Tools and Applications (IPTA)}, 
  title={Comparison of JPEG's competitors for document images}, 
  year={2015},
  volume={},
  number={},
  pages={487-493},
  doi={10.1109/IPTA.2015.7367194}}

%%%%%%%%%%%%%%%%%% SOFTWARE DE OCR %%%%%%%%%%%%%%%%%%

@misc{tesseract_doc,
  title     = {Tesseract documentação},
  url       = {https://tesseract-ocr.github.io},
    key = {Tesseract}
}

@misc{paddle_doc,
  title     = {PaddleOCR documentação},
  url       = {https://github.com/PaddlePaddle/PaddleOCR},
    key = {PaddleOCR}
}

@misc{keras_doc,
  title     = {Keras OCR documentação},
  url       = {https://keras-ocr.readthedocs.io/en/latest/examples/index.html},
    key = {KerasOCR}
}

%%%%%%%%%%%%%%%%%% OCR PRE PROCESSAMENTO %%%%%%%%%%%%%%%%%%


@INPROCEEDINGS{4283429,
  author={Bieniecki, Wojciech and Grabowski, Szymon and Rozenberg, Wojciech},
  booktitle={2007 International Conference on Perspective Technologies and Methods in MEMS Design}, 
  title={Image Preprocessing for Improving OCR Accuracy}, 
  year={2007},
  volume={},
  number={},
  pages={75-80},
  doi={10.1109/MEMSTECH.2007.4283429}}

@INPROCEEDINGS{5277501,
  author={Likforman-Sulem, Laurence and Darbon, Jérôme and Smith, Elisa H. Barney},
  booktitle={2009 10th International Conference on Document Analysis and Recognition}, 
  title={Pre-Processing of Degraded Printed Documents by Non-local Means and Total Variation}, 
  year={2009},
  volume={},
  number={},
  pages={758-762},
  doi={10.1109/ICDAR.2009.210}}

@ARTICLE{9187695,
  author={Souibgui, Mohamed Ali and Kessentini, Yousri},
  journal={IEEE Transactions on Pattern Analysis and Machine Intelligence}, 
  title={DE-GAN: A Conditional Generative Adversarial Network for Document Enhancement}, 
  year={2022},
  volume={44},
  number={3},
  pages={1180-1191},
  doi={10.1109/TPAMI.2020.3022406}}

@INPROCEEDINGS{8545609,
  author={Lat, Ankit and Jawahar, C. V.},
  booktitle={2018 24th International Conference on Pattern Recognition (ICPR)}, 
  title={Enhancing OCR Accuracy with Super Resolution}, 
  year={2018},
  volume={},
  number={},
  pages={3162-3167},
  doi={10.1109/ICPR.2018.8545609}}

@INPROCEEDINGS{9791698,
  author={Dey, Raghunath and Balabantaray, Rakesh Chandra and Mohanty, Surajit and Singh, Debabrata and Karuppiah, Marimuthu and Samanta, Debabrata},
  booktitle={2022 Interdisciplinary Research in Technology and Management (IRTM)}, 
  title={Approach for Preprocessing in Offline Optical Character Recognition (OCR)}, 
  year={2022},
  volume={},
  number={},
  pages={1-6},
  doi={10.1109/IRTM54583.2022.9791698}}


@INPROCEEDINGS{8368720,
  author={Wei, Tan Chiang and Sheikh, U. U. and Rahman, Ab Al-Hadi Ab},
  booktitle={2018 IEEE 14th International Colloquium on Signal Processing \& Its Applications (CSPA)}, 
  title={Improved optical character recognition with deep neural network}, 
  year={2018},
  volume={},
  number={},
  pages={245-249},
  doi={10.1109/CSPA.2018.8368720}}


@INPROCEEDINGS{8269967,
  author={Bui, Quang Anh and Mollard, David and Tabbone, Salvatore},
  booktitle={2017 14th IAPR International Conference on Document Analysis and Recognition (ICDAR)}, 
  title={Selecting Automatically Pre-Processing Methods to Improve OCR Performances}, 
  year={2017},
  volume={01},
  number={},
  pages={169-174},
  doi={10.1109/ICDAR.2017.36}}


%%%%%%%%%%%%%%%%%% OCR POS PROCESSAMENTO %%%%%%%%%%%%%%%%%%

@article{10.1145/3453476,
author = {Nguyen, Thi Tuyet Hai and Jatowt, Adam and Coustaty, Mickael and Doucet, Antoine},
title = {Survey of Post-OCR Processing Approaches},
year = {2021},
issue_date = {July 2022},
publisher = {Association for Computing Machinery},
address = {New York, NY, USA},
volume = {54},
number = {6},
issn = {0360-0300},
url = {https://doi.org/10.1145/3453476},
doi = {10.1145/3453476},
abstract = {},
journal = {ACM Comput. Surv.},
month = {jul},
articleno = {124},
numpages = {37},
keywords = {Post-OCR processing, OCR merging, error model, machine learning, language model, statistical and neural machine translation}
}

%%%%%%%%%%%%%%%%%% SEGMENTAÇÃO DE DOCUMENTOS %%%%%%%%%%%%%%%%%%

@article{ESKENAZI20171,
title = {A comprehensive survey of mostly textual document segmentation algorithms since 2008},
journal = {Pattern Recognition},
volume = {64},
pages = {1-14},
year = {2017},
issn = {0031-3203},
doi = {https://doi.org/10.1016/j.patcog.2016.10.023},
url = {https://www.sciencedirect.com/science/article/pii/S0031320316303399},
author = {Sébastien Eskenazi and Petra Gomez-Krämer and Jean-Marc Ogier},
keywords = {Document, Segmentation, Survey, Evaluation, Trends, Typology},
abstract = {}
}


@INPROCEEDINGS{8269981,
  author={He, Dafang and Cohen, Scott and Price, Brian and Kifer, Daniel and Giles, C. Lee},
  booktitle={2017 14th IAPR International Conference on Document Analysis and Recognition (ICDAR)}, 
  title={Multi-Scale Multi-Task FCN for Semantic Page Segmentation and Table Detection}, 
  year={2017},
  volume={01},
  number={},
  pages={254-261},
  doi={10.1109/ICDAR.2017.50}}

%%%%%%%%%%%%%%%%%% SEGMENTAÇÃO DE DOCUMENTOS %%%%%%%%%%%%%%%%%%

@INPROCEEDINGS{5277572,
  author={Chaudhury, Krishnendu and Jain, Ankur and Thirthala, Sriram and Sahasranaman, Vivek and Saxena, Shobhit and Mahalingam, Selvam},
  booktitle={2009 10th International Conference on Document Analysis and Recognition}, 
  title={Google Newspaper Search – Image Processing and Analysis Pipeline}, 
  year={2009},
  volume={},
  number={},
  pages={621-625},
  doi={10.1109/ICDAR.2009.272}}

@INPROCEEDINGS{8300390,
  author={Chathuranga, R.M. Samitha and Ranathunga, Lochandaka},
  booktitle={2017 IEEE International Conference on Industrial and Information Systems (ICIIS)}, 
  title={Procedural approach for content segmentation of old newspaper pages}, 
  year={2017},
  volume={},
  number={},
  pages={1-6},
  doi={10.1109/ICIINFS.2017.8300390}}


@INPROCEEDINGS{6831009,
  author={Bansal, Anukriti and Chaudhury, Santanu and Roy, Sumantra Dutta and Srivastava, J.B.},
  booktitle={2014 11th IAPR International Workshop on Document Analysis Systems}, 
  title={Newspaper Article Extraction Using Hierarchical Fixed Point Model}, 
  year={2014},
  volume={},
  number={},
  pages={257-261},
  doi={10.1109/DAS.2014.42}}


@INPROCEEDINGS{8978066,
  author={Naoum, Andrew and Nothman, Joel and Curran, James},
  booktitle={2019 International Conference on Document Analysis and Recognition (ICDAR)}, 
  title={Article Segmentation in Digitised Newspapers with a 2D Markov Model}, 
  year={2019},
  volume={},
  number={},
  pages={1007-1014},
  doi={10.1109/ICDAR.2019.00165}}


@INPROCEEDINGS{8999273,
  author={Almutairi, Abdullah and Almashan, Meshal},
  booktitle={2019 18th IEEE International Conference On Machine Learning And Applications (ICMLA)}, 
  title={Instance Segmentation of Newspaper Elements Using Mask R-CNN}, 
  year={2019},
  volume={},
  number={},
  pages={1371-1375},
  doi={10.1109/ICMLA.2019.00223}}

@INPROCEEDINGS{8270006,
  author={Meier, Benjamin and Stadelmann, Thilo and Stampfli, Jan and Arnold, Marek and Cieliebak, Mark},
  booktitle={2017 14th IAPR International Conference on Document Analysis and Recognition (ICDAR)}, 
  title={Fully Convolutional Neural Networks for Newspaper Article Segmentation}, 
  year={2017},
  volume={01},
  number={},
  pages={414-419},
  doi={10.1109/ICDAR.2017.75}}

@article{Barman_2021,
   title={Combining Visual and Textual Features for Semantic Segmentation of Historical Newspapers},
   volume={HistoInformatics},
   ISSN={2416-5999},
   url={http://dx.doi.org/10.46298/jdmdh.6107},
   DOI={10.46298/jdmdh.6107},
   number={HistoInformatics},
   journal={Journal of Data Mining \&amp; Digital Humanities},
   publisher={Centre pour la Communication Scientifique Directe (CCSD)},
   author={Barman, Raphaël and Ehrmann, Maud and Clematide, Simon and Oliveira, Sofia Ares and Kaplan, Frédéric},
   year={2021},
   month=jan }

@misc{europeana_pro,
  title     = {Projeto Europeana},
  url       = {https://pro.europeana.eu/project/europeana-newspapers},
    key = {Europeana}
}


%%%%%%%%%%%%%%%%%% Calculo da ordem de leitura %%%%%%%%%%%%%%%%%%

@article{article_ro1,
author = {Breuel, Thomas},
year = {2003},
month = {05},
pages = {},
title = {High Performance Document Layout Analysis}
}


@INPROCEEDINGS{9413256,
  author={Quirós, Lorenzo and Vidal, Enrique},
  booktitle={2020 25th International Conference on Pattern Recognition (ICPR)}, 
  title={Learning to Sort Handwritten Text Lines in Reading Order through Estimated Binary Order Relations}, 
  year={2021},
  volume={},
  number={},
  pages={7661-7668},
  doi={10.1109/ICPR48806.2021.9413256}}


@INPROCEEDINGS{7351614,
  author={Kovanen, Samu and Aizawa, Kiyoharu},
  booktitle={2015 IEEE International Conference on Image Processing (ICIP)}, 
  title={A layered method for determining manga text bubble reading order}, 
  year={2015},
  volume={},
  number={},
  pages={4283-4287},
  doi={10.1109/ICIP.2015.7351614}}
  
  
  
  
%%%%%%%%%%%%%%%%%% MISC %%%%%%%%%%%%%%%%%%


@misc{hocr_doc,
	title     = {HOCR documentação},
	url       = {https://kba.github.io/hocr-spec/1.2/},
	key = {HOCR}
}

@misc{alto_doc,
	title     = {ALTO documentação},
	url       = {https://www.loc.gov/standards/alto/techcenter/elementSet/index.html},
	key = {ALTO}
}


  
